@inproceedings{kraska2018case,
  title={The case for learned index structures},
  author={Kraska, Tim and Beutel, Alex and Chi, Ed H and Dean, Jeffrey and Polyzotis, Neoklis},
  booktitle={Proceedings of the 2018 International Conference on Management of Data},
  pages={489--504},
  year={2018},
  organization={ACM}
}

@inproceedings{hadian2019considerations,
  title={Considerations for handling updates in learned index structures},
  author={Hadian, Ali and Heinis, Thomas},
  booktitle={Proceedings of the Second International Workshop on Exploiting Artificial Intelligence Techniques for Data Management},
  pages={3},
  year={2019},
  organization={ACM}
}

@article{rae2019meta,
  title={Meta-Learning Neural Bloom Filters},
  author={Rae, Jack W and Bartunov, Sergey and Lillicrap, Timothy P},
  journal={arXiv preprint arXiv:1906.04304},
  year={2019}
}

@article{liangempirical,
  title={An Empirical Analysis of the Learned Bloom Filter and its Extensions},
  author={Liang, Celine and Ma, Jason}
}

@article{mitzenmacher2018model,
  title={A model for learned bloom filters and related structures},
  author={Mitzenmacher, Michael},
  journal={arXiv preprint arXiv:1802.00884},
  year={2018}
}

@inproceedings{mitzenmacher2018model2,
  title={A model for learned bloom filters and optimizing by sandwiching},
  author={Mitzenmacher, Michael},
  booktitle={Advances in Neural Information Processing Systems},
  pages={464--473},
  year={2018}
}

@article{cho2014learning,
  title={Learning phrase representations using RNN encoder-decoder for statistical machine translation},
  author={Cho, Kyunghyun and Van Merri{\"e}nboer, Bart and Gulcehre, Caglar and Bahdanau, Dzmitry and Bougares, Fethi and Schwenk, Holger and Bengio, Yoshua},
  journal={arXiv preprint arXiv:1406.1078},
  year={2014}
}

